<?xml version="1.0" encoding="UTF-8"?><collection xmlns="http://www.loc.gov/MARC21/slim"><record><leader>00435nam--2200181-i-4500</leader><controlfield tag="001">000049716</controlfield><controlfield tag="002">20161230</controlfield><controlfield tag="005">20161230201047</controlfield><controlfield tag="008">060222s1000------------r-----000-0-rus-d</controlfield><datafield ind1=" " ind2=" " tag="040"><subfield code="a">FIN-HH</subfield></datafield><datafield ind1=" " ind2=" " tag="041"><subfield code="a">rus</subfield></datafield><datafield ind1=" " ind2=" " tag="080"><subfield code="a">537.6(081)</subfield></datafield><datafield ind1="1" ind2=" " tag="100"><subfield code="a">Arkadiev, V.K</subfield></datafield><datafield ind1="1" ind2="0" tag="245"><subfield code="a">Izbrannye trudy</subfield><subfield code="c">V.k. arkadiev</subfield></datafield><datafield ind1=" " ind2=" " tag="260"><subfield code="a">Moskva</subfield><subfield code="b">Akaemii Nauk Sssr</subfield><subfield code="c">1961</subfield></datafield><datafield ind1=" " ind2=" " tag="300"><subfield code="a">332 S</subfield></datafield><datafield ind1=" " ind2=" " tag="852"><subfield code="a">76302</subfield><subfield code="c">537:538</subfield></datafield><datafield ind1=" " ind2=" " tag="CAT"><subfield code="a">Sys</subfield><subfield code="c">20110628</subfield><subfield code="h">162307</subfield></datafield></record></collection>